
  <marcxml:record>
    <marcxml:leader>02144cam a2200349   4500</marcxml:leader>
    <marcxml:controlfield tag="001">T112032</marcxml:controlfield>
    <marcxml:controlfield tag="003">CU-RivES</marcxml:controlfield>
    <marcxml:controlfield tag="005">20090519144000.0</marcxml:controlfield>
    <marcxml:controlfield tag="006">m    |   d |      </marcxml:controlfield>
    <marcxml:controlfield tag="007">cr||n||||||||n</marcxml:controlfield>
    <marcxml:controlfield tag="008">810127s1799    enk||||       00||||fre c</marcxml:controlfield>
    <marcxml:datafield tag="035" ind1=" " ind2=" ">
      <marcxml:subfield code="a">(Uk-ES)006380815</marcxml:subfield>
    </marcxml:datafield>
    <marcxml:datafield tag="040" ind1=" " ind2=" ">
      <marcxml:subfield code="a">Uk-ES</marcxml:subfield>
      <marcxml:subfield code="c">Uk-ES</marcxml:subfield>
      <marcxml:subfield code="d">CU-RivES</marcxml:subfield>
      <marcxml:subfield code="d">CStRLIN</marcxml:subfield>
      <marcxml:subfield code="d">CU-RivES</marcxml:subfield>
      <marcxml:subfield code="d">Cengage Gale</marcxml:subfield>
    </marcxml:datafield>
    <marcxml:datafield tag="100" ind1="1" ind2=" ">
      <marcxml:subfield code="a">Vinson, Pierre,</marcxml:subfield>
      <marcxml:subfield code="d">1763-1820.</marcxml:subfield>
    </marcxml:datafield>
    <marcxml:datafield tag="245" ind1="1" ind2="3">
      <marcxml:subfield code="a">La foi couronn&amp;#xFFFD;ee, ou le massacre des pasteurs catholiques,</marcxml:subfield>
      <marcxml:subfield code="h">[electronic resource] :</marcxml:subfield>
      <marcxml:subfield code="b">morts pour la cause de Jesus-Christ, pendant la R&amp;#xFFFD;evolution de France: po&amp;#xFFFD;eme en cinq chants, accompagn&amp;#xFFFD;e de notes historiques et th&amp;#xFFFD;eologiques.</marcxml:subfield>
    </marcxml:datafield>
    <marcxml:datafield tag="260" ind1=" " ind2=" ">
      <marcxml:subfield code="a">A Londres :</marcxml:subfield>
      <marcxml:subfield code="b">chez A. Dulau, et Co. Soho Square; L. L'Homme, No. 93, New Bond-Street; et chez l'auteur [de l'imprimerie de la Soci&amp;#xFFFD;et&amp;#xFFFD;e Typographique Fran&amp;#xFFFD;coise], No. 12, Tottenham Court, New Road,</marcxml:subfield>
      <marcxml:subfield code="c">1799.</marcxml:subfield>
    </marcxml:datafield>
    <marcxml:datafield tag="300" ind1=" " ind2=" ">
      <marcxml:subfield code="a">1 online resource ([4],100,[5],102-350p.) ;</marcxml:subfield>
      <marcxml:subfield code="c">18⁰.</marcxml:subfield>
    </marcxml:datafield>
    <marcxml:datafield tag="500" ind1=" " ind2=" ">
      <marcxml:subfield code="a">Attributed to Pierre Vinson.</marcxml:subfield>
    </marcxml:datafield>
    <marcxml:datafield tag="500" ind1=" " ind2=" ">
      <marcxml:subfield code="a">With a half-title, bearing the printer's name on the verso.</marcxml:subfield>
    </marcxml:datafield>
    <marcxml:datafield tag="500" ind1=" " ind2=" ">
      <marcxml:subfield code="a">The text contains two unpaginated leaves after p.100.</marcxml:subfield>
    </marcxml:datafield>
    <marcxml:datafield tag="500" ind1=" " ind2=" ">
      <marcxml:subfield code="a">Preceding the imprint is the printer's logo: STF.</marcxml:subfield>
    </marcxml:datafield>
    <marcxml:datafield tag="533" ind1=" " ind2=" ">
      <marcxml:subfield code="a">Electronic reproduction.</marcxml:subfield>
      <marcxml:subfield code="b">Farmington Hills, Mich. :</marcxml:subfield>
      <marcxml:subfield code="c">Cengage Gale,</marcxml:subfield>
      <marcxml:subfield code="d">2009.</marcxml:subfield>
      <marcxml:subfield code="n">Available via the World Wide Web.</marcxml:subfield>
      <marcxml:subfield code="n">Access limited by licensing agreements.</marcxml:subfield>
      <marcxml:subfield code="7">s2009    miunns</marcxml:subfield>
    </marcxml:datafield>
    <marcxml:datafield tag="510" ind1=" " ind2=" ">
      <marcxml:subfield code="a">English Short Title Catalog,</marcxml:subfield>
      <marcxml:subfield code="c">T112032.</marcxml:subfield>
    </marcxml:datafield>
    <marcxml:datafield tag="500" ind1=" " ind2=" ">
      <marcxml:subfield code="a">Reproduction of original from British Library.</marcxml:subfield>
    </marcxml:datafield>
    <marcxml:datafield tag="650" ind1=" " ind2="0">
      <marcxml:subfield code="a">Christian poetry, French</marcxml:subfield>
      <marcxml:subfield code="v">Early works to 1800.</marcxml:subfield>
    </marcxml:datafield>
    <marcxml:datafield tag="655" ind1=" " ind2="7">
      <marcxml:subfield code="a">Poetry</marcxml:subfield>
      <marcxml:subfield code="2">rbgenr</marcxml:subfield>
    </marcxml:datafield>
    <marcxml:datafield tag="752" ind1=" " ind2=" ">
      <marcxml:subfield code="a">Great Britain</marcxml:subfield>
      <marcxml:subfield code="b">England</marcxml:subfield>
      <marcxml:subfield code="d">London.</marcxml:subfield>
    </marcxml:datafield>
    <marcxml:datafield tag="856" ind1="4" ind2="0">
      <marcxml:subfield code="y">View resource online (NCSU only)</marcxml:subfield>
      <marcxml:subfield code="u">http://proxying.lib.ncsu.edu/index.php?url=http://find.galegroup.com/ecco/infomark.do?contentSet=ECCOArticles&amp;docType=ECCOArticles&amp;bookId=0073301400&amp;type=getFullCitation&amp;tabID=T001&amp;prodId=ECCO&amp;docLevel=TEXT_GRAPHICS&amp;version=1.0&amp;source=library&amp;userGroupName=ncsu_main</marcxml:subfield>
      <marcxml:subfield code="z">Cengage Gale</marcxml:subfield>
    </marcxml:datafield>
    <marcxml:datafield tag="949" ind1=" " ind2=" ">
      <marcxml:subfield code="h">ONL-ECCO</marcxml:subfield>
    </marcxml:datafield>
    <marcxml:datafield tag="596" ind1=" " ind2=" ">
      <marcxml:subfield code="a">8</marcxml:subfield>
    </marcxml:datafield>
    <marcxml:datafield tag="918" ind1=" " ind2=" ">
      <marcxml:subfield code="a">2917021</marcxml:subfield>
    </marcxml:datafield>
    <marcxml:datafield tag="999" ind1=" " ind2=" ">
      <marcxml:subfield code="a">XX(2917021.1)</marcxml:subfield>
      <marcxml:subfield code="w">EBOOK</marcxml:subfield>
      <marcxml:subfield code="c">1</marcxml:subfield>
      <marcxml:subfield code="i">2917021-1001</marcxml:subfield>
      <marcxml:subfield code="l">NET</marcxml:subfield>
      <marcxml:subfield code="m">ONLINE</marcxml:subfield>
      <marcxml:subfield code="r">Y</marcxml:subfield>
      <marcxml:subfield code="s">Y</marcxml:subfield>
      <marcxml:subfield code="t">EBOOK</marcxml:subfield>
      <marcxml:subfield code="u">1/17/2014</marcxml:subfield>
      <marcxml:subfield code="z">ECCO</marcxml:subfield>
    </marcxml:datafield>
  </marcxml:record>