
  <marcxml:record>
    <marcxml:leader>02095cam a2200445Ma 4500</marcxml:leader>
    <marcxml:controlfield tag="001">ocm65355424</marcxml:controlfield>
    <marcxml:controlfield tag="003">OCoLC</marcxml:controlfield>
    <marcxml:controlfield tag="005">20071127012050.0</marcxml:controlfield>
    <marcxml:controlfield tag="006">m        d        </marcxml:controlfield>
    <marcxml:controlfield tag="007">cr |n||||||||n</marcxml:controlfield>
    <marcxml:controlfield tag="008">060112s1631    enk     s     000 0 eng d</marcxml:controlfield>
    <marcxml:datafield tag="040" ind1=" " ind2=" ">
      <marcxml:subfield code="a">GMOME</marcxml:subfield>
      <marcxml:subfield code="c">GMOME</marcxml:subfield>
    </marcxml:datafield>
    <marcxml:datafield tag="035" ind1=" " ind2=" ">
      <marcxml:subfield code="a">(OCoLC)65355424</marcxml:subfield>
    </marcxml:datafield>
    <marcxml:datafield tag="049" ind1=" " ind2=" ">
      <marcxml:subfield code="a">TEFA</marcxml:subfield>
    </marcxml:datafield>
    <marcxml:datafield tag="100" ind1="1" ind2=" ">
      <marcxml:subfield code="a">Markham, Gervase,</marcxml:subfield>
      <marcxml:subfield code="d">1568?-1637.</marcxml:subfield>
    </marcxml:datafield>
    <marcxml:datafield tag="245" ind1="1" ind2="0">
      <marcxml:subfield code="a">Cheape and good husbandry :</marcxml:subfield>
      <marcxml:subfield code="b">for the well-ordering of all beasts and fowles, and for the generall cure of their diseases : contayning the natures, breeding, choise, use, feeding, and curing of the diseases of all manner of cattell ... shewing further, the whole art of riding great-horses ... also, approued rules for the cramming and fatting of all sorts of poultry and fowles ... together with the use and profit of bees ...</marcxml:subfield>
    </marcxml:datafield>
    <marcxml:datafield tag="250" ind1=" " ind2=" ">
      <marcxml:subfield code="a">The fift ed.</marcxml:subfield>
    </marcxml:datafield>
    <marcxml:datafield tag="260" ind1=" " ind2=" ">
      <marcxml:subfield code="a">London :</marcxml:subfield>
      <marcxml:subfield code="b">Printed by Nicholas Okes for Iohn Harrison, and are to be sold at his shop ...,</marcxml:subfield>
      <marcxml:subfield code="c">1631.</marcxml:subfield>
    </marcxml:datafield>
    <marcxml:datafield tag="300" ind1=" " ind2=" ">
      <marcxml:subfield code="a">1 online resource ([26], 188 pages)</marcxml:subfield>
    </marcxml:datafield>
    <marcxml:datafield tag="336" ind1=" " ind2=" ">
      <marcxml:subfield code="a">text</marcxml:subfield>
      <marcxml:subfield code="b">txt</marcxml:subfield>
      <marcxml:subfield code="2">rdacontent</marcxml:subfield>
    </marcxml:datafield>
    <marcxml:datafield tag="337" ind1=" " ind2=" ">
      <marcxml:subfield code="a">computer</marcxml:subfield>
      <marcxml:subfield code="b">c</marcxml:subfield>
      <marcxml:subfield code="2">rdamedia</marcxml:subfield>
    </marcxml:datafield>
    <marcxml:datafield tag="338" ind1=" " ind2=" ">
      <marcxml:subfield code="a">online resource</marcxml:subfield>
      <marcxml:subfield code="b">cr</marcxml:subfield>
      <marcxml:subfield code="2">rdacarrier</marcxml:subfield>
    </marcxml:datafield>
    <marcxml:datafield tag="500" ind1=" " ind2=" ">
      <marcxml:subfield code="a">Dedication and preface signed: G.M.</marcxml:subfield>
    </marcxml:datafield>
    <marcxml:datafield tag="500" ind1=" " ind2=" ">
      <marcxml:subfield code="a">Reproduction of original from Goldsmiths' Library, University of London.</marcxml:subfield>
    </marcxml:datafield>
    <marcxml:datafield tag="500" ind1=" " ind2=" ">
      <marcxml:subfield code="a">Goldsmiths'-Kress no. 00621.</marcxml:subfield>
    </marcxml:datafield>
    <marcxml:datafield tag="588" ind1=" " ind2=" ">
      <marcxml:subfield code="a">Description based on print version record</marcxml:subfield>
    </marcxml:datafield>
    <marcxml:datafield tag="650" ind1=" " ind2="0">
      <marcxml:subfield code="a">Animal culture</marcxml:subfield>
      <marcxml:subfield code="v">Early works to 1800.</marcxml:subfield>
    </marcxml:datafield>
    <marcxml:datafield tag="650" ind1=" " ind2="0">
      <marcxml:subfield code="a">Livestock</marcxml:subfield>
      <marcxml:subfield code="v">Early works to 1800.</marcxml:subfield>
    </marcxml:datafield>
    <marcxml:datafield tag="650" ind1=" " ind2="0">
      <marcxml:subfield code="a">Veterinary medicine</marcxml:subfield>
      <marcxml:subfield code="v">Early works to 1800.</marcxml:subfield>
    </marcxml:datafield>
    <marcxml:datafield tag="773" ind1=" " ind2=" ">
      <marcxml:subfield code="a">Making of the Modern World</marcxml:subfield>
    </marcxml:datafield>
    <marcxml:datafield tag="776" ind1="1" ind2=" ">
      <marcxml:subfield code="c">Microform</marcxml:subfield>
      <marcxml:subfield code="w">(OCoLC)38628884</marcxml:subfield>
    </marcxml:datafield>
    <marcxml:datafield tag="740" ind1="0" ind2=" ">
      <marcxml:subfield code="a">Cheap and good husbandry.</marcxml:subfield>
    </marcxml:datafield>
    <marcxml:datafield tag="856" ind1="4" ind2="0">
      <marcxml:subfield code="z">Gale</marcxml:subfield>
      <marcxml:subfield code="y">View resource online (NCSU only)</marcxml:subfield>
      <marcxml:subfield code="x">Making of the Modern World</marcxml:subfield>
      <marcxml:subfield code="u">http://proxying.lib.ncsu.edu/index.php?url=http://galenet.galegroup.com/servlet/MOME?af=RN&amp;ae=U109800694&amp;srchtp=a&amp;ste=14&amp;q=ncsu_main</marcxml:subfield>
    </marcxml:datafield>
    <marcxml:datafield tag="949" ind1=" " ind2=" ">
      <marcxml:subfield code="h">ONLINEBOOK</marcxml:subfield>
    </marcxml:datafield>
    <marcxml:datafield tag="994" ind1=" " ind2=" ">
      <marcxml:subfield code="a">C0</marcxml:subfield>
      <marcxml:subfield code="b">TEF</marcxml:subfield>
    </marcxml:datafield>
    <marcxml:datafield tag="050" ind1="#" ind2="4">
      <marcxml:subfield code="a">HB151 M37 1631 ebook</marcxml:subfield>
    </marcxml:datafield>
    <marcxml:datafield tag="596" ind1=" " ind2=" ">
      <marcxml:subfield code="a">8</marcxml:subfield>
    </marcxml:datafield>
    <marcxml:datafield tag="918" ind1=" " ind2=" ">
      <marcxml:subfield code="a">3825763</marcxml:subfield>
    </marcxml:datafield>
    <marcxml:datafield tag="909" ind1=" " ind2=" ">
      <marcxml:subfield code="a">20170105</marcxml:subfield>
    </marcxml:datafield>
    <marcxml:datafield tag="999" ind1=" " ind2=" ">
      <marcxml:subfield code="a">HB151 M37 1631 ebook</marcxml:subfield>
      <marcxml:subfield code="w">LC</marcxml:subfield>
      <marcxml:subfield code="c">1</marcxml:subfield>
      <marcxml:subfield code="i">3825763-1001</marcxml:subfield>
      <marcxml:subfield code="l">NET</marcxml:subfield>
      <marcxml:subfield code="m">ONLINE</marcxml:subfield>
      <marcxml:subfield code="r">Y</marcxml:subfield>
      <marcxml:subfield code="s">Y</marcxml:subfield>
      <marcxml:subfield code="t">EBOOK</marcxml:subfield>
      <marcxml:subfield code="u">1/5/2017</marcxml:subfield>
    </marcxml:datafield>
  </marcxml:record>