

  <marcxml:record>
    <!-- Record that somehow got through even though its items are all in shadowed locations  -->
    <marcxml:leader>01283cam a2200301Ka 4500</marcxml:leader>
    <marcxml:controlfield tag="001">4535</marcxml:controlfield>
    <marcxml:controlfield tag="003">NCRs</marcxml:controlfield>
    <marcxml:controlfield tag="005">19940408100648.0</marcxml:controlfield>
    <marcxml:controlfield tag="007">he-bmu---bbca</marcxml:controlfield>
    <marcxml:controlfield tag="008">940408s1985    gaua    b    f000 0 eng d</marcxml:controlfield>
    <marcxml:datafield tag="040" ind1=" " ind2=" ">
      <marcxml:subfield code="a">NRC</marcxml:subfield>
      <marcxml:subfield code="c">NRC</marcxml:subfield>
    </marcxml:datafield>
    <marcxml:datafield tag="049" ind1=" " ind2=" ">
      <marcxml:subfield code="a">NRCV</marcxml:subfield>
      <marcxml:subfield code="o">rl</marcxml:subfield>
    </marcxml:datafield>
    <marcxml:datafield tag="088" ind1=" " ind2=" ">
      <marcxml:subfield code="a">85-0001F</marcxml:subfield>
    </marcxml:datafield>
    <marcxml:datafield tag="090" ind1=" " ind2=" ">
      <marcxml:subfield code="a">TD7</marcxml:subfield>
      <marcxml:subfield code="b">.E5 no.85-0001F</marcxml:subfield>
    </marcxml:datafield>
    <marcxml:datafield tag="245" ind1="0" ind2="0">
      <marcxml:subfield code="a">Eliminate fan out departure procedures, Palm Beach International Airport, West Palm Beach, Florida</marcxml:subfield>
      <marcxml:subfield code="h">microform :</marcxml:subfield>
      <marcxml:subfield code="b">final environmental impact statement.</marcxml:subfield>
    </marcxml:datafield>
    <marcxml:datafield tag="260" ind1=" " ind2=" ">
      <marcxml:subfield code="a">Atlanta, Ga. :</marcxml:subfield>
      <marcxml:subfield code="b">FAA Southern Regional Headquarters,</marcxml:subfield>
      <marcxml:subfield code="c">[1985]</marcxml:subfield>
    </marcxml:datafield>
    <marcxml:datafield tag="300" ind1=" " ind2=" ">
      <marcxml:subfield code="a">1 v. (various pagings) :</marcxml:subfield>
      <marcxml:subfield code="b">ill.</marcxml:subfield>
    </marcxml:datafield>
    <marcxml:datafield tag="918" ind1=" " ind2=" ">
      <marcxml:subfield code="a">235826101</marcxml:subfield>
    </marcxml:datafield>
    <marcxml:datafield tag="999" ind1=" " ind2=" ">
      <marcxml:subfield code="a">TD7 .E5 no.85-0001F microfiches 1-3</marcxml:subfield>
      <marcxml:subfield code="w">LC</marcxml:subfield>
      <marcxml:subfield code="c">1</marcxml:subfield>
      <marcxml:subfield code="i">HAFU-4976-00001</marcxml:subfield>
      <marcxml:subfield code="l">ACQ-S</marcxml:subfield>
      <marcxml:subfield code="m">BOOKBOT</marcxml:subfield>
      <marcxml:subfield code="r">Y</marcxml:subfield>
      <marcxml:subfield code="s">Y</marcxml:subfield>
      <marcxml:subfield code="t">MICROFICHE</marcxml:subfield>
      <marcxml:subfield code="u">4/11/1994</marcxml:subfield>
    </marcxml:datafield>
  </marcxml:record>
</marcxml:collection>
